@web{sentdex, title={Streaming Tweets from Twitter to Database}, url={https://pythonprogramming.net/twitter-api-streaming-tweets-python-tutorial/}, journal={Python Programming Tutorials}, publisher={pythonprogramming.net}, author={sentdex}} 

@web{urllib, title={urllib - Open arbitrary resources by URL}, url={https://docs.python.org/2/library/urllib.html}, journal={16.2. threading - Higher-level threading interface - Python 2.7.15 documentation}, publisher={Python.org}} 

@web{matplotlib, title={Overview}, url={https://matplotlib.org/contents.html}, journal={Matplotlib: Python plotting - Matplotlib 2.2.3 documentation}, publisher={Matplotlib.org}} 
