@web{subfuzion_2017, title={curl POST examples}, url={https://gist.github.com/subfuzion/08c5d85437d5d4f00e58}, journal={GitHub}, author={subfuzion}, year={2017}, month={Feb}}

@web{beautiful-soup, title={Beautiful Soup Documentation¶}, url={https://www.crummy.com/software/BeautifulSoup/bs4/doc/}, journal={Beautiful Soup}}

@web{urllib-documentation, title={urllib.request - Extensible library for opening URLs¶}, url={https://docs.python.org/3/library/urllib.request.html#module-urllib.request}, journal={Urllib Documentation}}
